@inproceedings{SemiringAlgebra.jl-2013,
  title={Novel algebras for advanced analytics in julia},
  author={Shah, Viral B and Edelman, Alan and Karpinski, Stefan and Bezanson, Jeff and Kepner, Jeremy},
  booktitle={2013 IEEE High Performance Extreme Computing Conference (HPEC)},
  pages={1--4},
  year={2013},
  organization={IEEE}
}
