@book{KepnerGilbertBook,
   author = {Kepner, Jeremy V. and Gilbert, J. R.},
   publisher = {Society for Industrial and Applied Mathematics},
    title = {{Graph algorithms in the language of linear algebra}},
     year = {2011}
}

@book{harary1969,
   author={Harary, Frank},
    publisher={Addison-Wesley Publishing},
    title={Graph Theory},
    year= 1969
    }
    
    @article{Konig1931,
     author= {K\H{o}nig, D\'{e}nes},
    title={Gr\'{a}fok \'{e}s m\'{a}trixok},
    journal={Matematikai\'{e}s Fizikai Lapok},
    pages={116--119},
    year=1931,
    volume=38
    }
 
   
   @book{Konig1936,
   author={K\H{o}nig, D\'{e}nes},
   title={Theorie der Endlichen und Unendlichen Graphen: Kombinatorische Topologie der Streckenkomplexe},
   year=1936,
   publisher={Akad. Verlag.}
   }
   
   @misc{scilab,
     howpublished={http://www.scilab.org}
     }
     
      @misc{octave,
     howpublished={http://www.octave.org}
     }
     
     @misc{Rlang,
     howpublished={http://www.r-project.org}
     }
   
      @misc{numpy,
     howpublished={http://www.numpy.org}
     }
 