@book{KepnerGilbertBook,
   author = {Kepner, Jeremy V. and Gilbert, J. R.},
   publisher = {Society for Industrial and Applied Mathematics},
    title = {{Graph algorithms in the language of linear algebra}},
     year = {2011}
}

@book{harary1969,
   author={Harary, Frank},
    publisher={Addison-Wesley Publishing},
    title={Graph Theory},
    year= 1969
    }
    
    @article{Konig1931,
     author= {K\H{o}nig, D\'{e}nes},
    title={Gr\'{a}fok \'{e}s m\'{a}trixok},
    journal={Matematikai\'{e}s Fizikai Lapok},
    pages={116--119},
    year=1931,
    volume=38
    }
 
   
   @book{Konig1936,
   author={K\H{o}nig, D\'{e}nes},
   title={Theorie der Endlichen und Unendlichen Graphen: Kombinatorische Topologie der Streckenkomplexe},
   year=1936,
   publisher={Akad. Verlag.}
   }
   
   @misc{scilab,
   author={Scilab},
     howpublished={http://www.scilab.org}
     }
     
      @misc{octave,
      author={Octave},
     howpublished={http://www.octave.org}
     }
     
     @misc{LLVM,
     author={LLVM},
     howpublished={http://llvm.org}
     }
     
     @misc{Rlang,
     author={R},
     howpublished={http://www.r-project.org}
     }
     
        @misc{matlab,
        author={MATLAB},
     howpublished={http://www.mathworks.com}
     }
   
      @misc{numpy,
      author={Numpy},
     howpublished={http://www.numpy.org}
     }
     
     @article{shahgilbert,
	title = "A Unified Framework for Numerical and Combinatorial Computing",
	author = "John R. Gilbert and Steve Reinhardt and Viral B. Shah",
	journal = "Computing in Sciences and Engineering",
	month = "Mar/Apr",
	year = 2008,
	volume = 10,
	number = 2,
	pages = "20--25",
	url = "http://gauss.cs.ucsb.edu/publication/cise-graph.pdf"
}
 
 @incollection{Rader,
   author={Rader, Charles M.},
   title={Connected Components and Minimum Paths},
     editor = {Kepner, Jeremy V. and Gilbert, J. R.},
   publisher = {Society for Industrial and Applied Mathematics},
    booktitle = {{Graph algorithms in the language of linear algebra}},
     year = {2011}
 }
 
 @misc{julia,
 author={Bezanson, Jeff and Karpinski, Stefan and Shah, Viral and Edelman, Alan},
 title={Julia: A Fast Dynamic Language for Technical Computing},
 howpublished={http://arxiv.org/abs/1209.5145},
 year=2012
 }